@article{zettili2009quantum,
  title={Quantum mechanics: concepts and applications},
  author={Zettili, Nouredine},
  year={2009},
  publisher={John Wiley \& Sons}
}


@book{blundell2010concepts,
  title={Concepts in thermal physics},
  author={Blundell, Stephen J and Blundell, Katherine M},
  year={2010},
  publisher={Oup Oxford}
}



@book{taylor2005classical,
  title={Classical mechanics},
  author={Taylor, John Robert and Taylor, John R},
  volume={1},
  year={2005},
  publisher={Springer}
}


@book{marion2013classical,
  title={Classical dynamics of particles and systems},
  author={Marion, Jerry B},
  year={2013},
  publisher={Academic Press}
}


@article{moulton1952h,
  title={H. Goldstein, Classical mechanics},
  author={Moulton, EJ},
  year={1952}
}

@book{fermi2012thermodynamics,
  title={Thermodynamics},
  author={Fermi, Enrico},
  year={2012},
  publisher={Courier Corporation}
}


@misc{tong_dynamics_relativity,
  author = {Profesor David Tong},
  title = {Dynamics and Relativity},
  year = {2013},
  institution = {University of Cambridge},
  course = {Classical Mechanics I},
}



@misc{tong_classical_dynamics,
  author = {Profesor David Tong},
  title = {Classical Mechanics},
  year = {2004-05},
  institution = {University of Cambridge},
  course = {Classical Mechanics II},
}




@misc{tong_statistical_physics,
  author = {Profesor David Tong},
  title = {Statistical Physics},
  year = {2013},
  institution = {University of Cambridge},
  course = {Statistical Physics},
}


@misc{tong_electromagnetism,
  author = {Profesor David Tong},
  title = {Electromagnetism},
  year = {2015},
  institution = {University of Cambridge},
  course = {Electromagnetism},
}


@misc{boyer_notes,
  author = {Profesor Denis Boyer},
  title = {Statistical Physics},
  year = {2021},
  institution = {UNAM},
  course = {Propedeutico Termodinámica},
}



@misc{samayoa_quantum_mechanics,
  author = {Profesor Ing. Rodolfo Samayoa},
  title = {Mecánica Cuántica},
  year = {2022},
  institution = {Universidad de San Carlos de Guatemala},
  course = {Mecánica Cuántica 1 y 2},
}



@misc{samayoa_statistical_mechanics,
  author = {Profesor Ing. Rodolfo Samayoa},
  title = {Mecánica Estadística},
  year = {2022},
  institution = {Universidad de San Carlos de Guatemala},
  course = {Mecánica Estadística},
}



@misc{sacahui_electro,
  author = {Profesor PhD. Rodrigo Sacahui},
  title = {Electromagnetismo 1},
  year = {2021},
  institution = {Universidad de San Carlos de Guatemala},
  course = {Electromagnetismo 1},
}


@book{griffiths2023introduction,
  title={Introduction to electrodynamics},
  author={Griffiths, David J},
  year={2023},
  publisher={Cambridge University Press}
}


@book{reitz1996fundamentos,
  title={Fundamentos de la teor{\'\i}a electromagn{\'e}tica},
  author={Reitz, John R and others},
  year={1996},
  publisher={Biblioteca Hern{\'a}n Malo Gonz{\'a}lez}
}



@book{sakurai2020modern,
  title={Modern quantum mechanics},
  author={Sakurai, Jun John and Napolitano, Jim},
  year={2020},
  publisher={Cambridge University Press}
}


@book{taylor1982introduction,
  title={An introduction to error analysis: the study of uncertainties in physical measurements},
  author={Taylor, John Robert and Thompson, William},
  volume={2},
  year={1982},
  publisher={Springer}
}



